@manual{xss,
    organization = {The Web Application Security Consortium},
    title = {Cross Site scripting},
    url = {https://en.wikipedia.org/wiki/Cross-site_scripting},
    year = 	 {2011},
    note = {(20.5.2018)} 
}

@manual{spring-boot,
    organization = {Pivotal Software},
    title = {Spring Boot 2.0.2},
    url = {https://spring.io/projects/spring-boot},
    year = 	 {2018},
    note = {(19.5.2018)}  
}

@manual{spring-initializr,
    organization = {Spring Initializer and Pivotal Web Services},
    title = {Spring Initializr},
    url = {https://start.spring.io/},
    year = 	 {2018},
    note = {(20.5.2018)} 
}

@manual{spring-security,
    organization = {Pivotal Web Services},
    title = {Spring Security 5.0.6},
    url = {https://projects.spring.io/spring-security/},
    year = 	 {2018},
    note = {(7.6.2018)} 
}

@manual{apache-maven,
    organization = {Apache Software Foundation},
    title = {Apache Maven 3.5.0},
    url = {https://maven.apache.org/},
    year = 	 {2017},
    note = {(7.6.2018)} 
}

@manual{jpa,
    organization = {Oracle},
    title = {Java Persistance Api},
    url = {http://www.oracle.com/technetwork/java/javaee/tech/persistence-jsp-140049.html},
    year = 	 {2007},
    note = {(7.6.2018)} 
}

@manual{hibernate,
    organization = {Red Hat Developers},
    title = {Hibernate ORM 5.3.0},
    url = {http://hibernate.org/orm/},
    year = 	 {2018},
    note = {(7.6.2018)} 
}

@manual{jsp,
    organization = {Oracle},
    title = {JavaServer Pages},
    url = {http://www.oracle.com/technetwork/java/index-jsp-138231.html},
    year = 	 {2007},
    note = {(7.6.2018)} 
}

@manual{ecma-script,
    organization = {Ecma International},
    title = {Standard ECMA-262, ECMAScript Language Specification},
    url = {https://www.ecma-international.org/publications/standards/Ecma-262.html},
    year = 	 {1997},
    note = {(2.6.2018)} 
}

@manual{jquery,
    organization = {The JQuery Foundation},
    title = {JQuery 3.3.1},
    url = {https://jquery.com/},
    year = 	 {2018},
    note = {(13.5.2018)} 
}

@manual{semantic,
    organization = {MIT},
    title = {SemanticUI 2.2.13, Open Source},
    url = {https://jquery.com/},
    year = 	 {2018},
    note = {(16.5.2018)} 
}

@manual{mysql,
    organization = {Oracle},
    title = {MySQL 5.7, Open Source},
    url = {https://www.mysql.com/},
    year = 	 {2018},
    note = {(5.5.2018)} 
}

@manual{vscode,
    organization = {Microsoft},
    title = {Visual Studio Code},
    url = {https://code.visualstudio.com/},
    year = 	 {2018},
    note = {(17.5.2018)} 
}

@manual{uclasolution,
    organization = {Graduway solution},
    url = {https://graduway.com/wp-content/uploads/2018/02/Alumni-Network-Profile-Page.jpg?x18935},
    note = {(17.5.2018)} 
}

@manual{veryconnectusers,
    organization = {VeryConnect users},
    url = {https://ga0.imgix.net/screenshot/o/105361-veryconnect-1498312882-3589883?ixlib=rb-1.0.0&ch=Width%2CDPR&auto=format},
    note = {(17.5.2018)} 
}

@manual{veryconnectevents,
    organization = {VeryConnect events},
    url = {https://d2.alternativeto.net/dist/s/veryconnect_405554_full.png?format=jpg&width=1600&height=1600&mode=min&upscale=false},
    note = {(17.5.2018)} 
}

@manual{hivebritesolution,
    organization = {Hivebrite solution},
    url = {https://ga1.imgix.net/screenshot/o/105281-hivebrite-1475490921-3772075?ixlib=rb-1.0.0&ch=Width%2CDPR&auto=format},
    note = {(17.5.2018)} 
}
